%% This BibTeX bibliography file was created using BibDesk.
%% http://bibdesk.sourceforge.net/


%% Created for Martin Bateman at 2013-07-10 11:34:22 +0100 


%% Saved with string encoding Unicode (UTF-8) 



@webpage{scratchercontrol,
	Date-Added = {2013-07-10 11:33:38 +0100},
	Date-Modified = {2013-07-10 11:34:18 +0100},
	Lastchecked = {10 July 2013},
	Month = {July},
	Url = {http://khanning.com/scratchercontrol/},
	Year = {2013}}

@webpage{catwiipi,
	Date-Added = {2013-07-10 11:33:38 +0100},
	Date-Modified = {2013-07-10 11:34:18 +0100},
	Lastchecked = {4 Aug 2013},
	Month = {Sept},
	Url = {http://www.star.uclan.ac.uk/~mb/rpjam3sept2012.html},
	Year = {2012}}
